@article{hochr1997longshort,
  title = {Long Short-Term Memory},
  author = {Hochreiter, Sepp and Schmidhuber, J{\"u}rgen},
  year = {1997},
  journal = {Neural computation},
  volume = {9},
  number = {8},
  pages = {1735--1780},
  publisher = {MIT press}
}

@misc{kapla2020scalingla,
  title = {Scaling {{Laws}} for {{Neural Language Models}}},
  author = {Kaplan, Jared and McCandlish, Sam and Henighan, Tom and Brown, Tom B. and Chess, Benjamin and Child, Rewon and Gray, Scott and Radford, Alec and Wu, Jeffrey and Amodei, Dario},
  year = {2020},
  month = jan,
  number = {arXiv:2001.08361},
  eprint = {2001.08361},
  primaryclass = {cs, stat},
  publisher = {arXiv},
  archiveprefix = {arXiv},
  langid = {american}
}
